<collection xmlns="http://www.loc.gov/MARC21/slim">
<record>
  <leader>00967nam0a22002171i 450 </leader>
  <controlfield tag="001">IT\ICCU\CNCE\026711</controlfield>
  <controlfield tag="005">20170713000000.0</controlfield>
  <datafield tag="012" ind1=" " ind2=" ">
    <subfield code="a">a-re todi n-on SeCo (3) 1567 (R)</subfield>
    <subfield code="2">fei</subfield>
  </datafield>
  <datafield tag="100" ind1=" " ind2=" ">
    <subfield code="a">19971021d1567        0itac0103    ba</subfield>
  </datafield>
  <datafield tag="101" ind1=" " ind2=" ">
    <subfield code="a">ITA</subfield>
  </datafield>
  <datafield tag="102" ind1=" " ind2=" ">
    <subfield code="a">IT</subfield>
  </datafield>
  <datafield tag="200" ind1="1" ind2=" ">
    <subfield code="a">℗Le ℗vite de&apos; santi padri. Col prato spirituale, riscontrate co&apos;l latino, et in lingua toscana ridotte, aggiontoui in margine molte cose utili, &amp; necessarie alla vita spirituale, &amp; altre nuoue additioni hora diligentissimamente corrette ...</subfield>
  </datafield>
  <datafield tag="210" ind1=" " ind2=" ">
    <subfield code="a">In Venetia</subfield>
    <subfield code="d">1567</subfield>
    <subfield code="e">In Vineggia</subfield>
    <subfield code="g">appresso Stefano Coma</subfield>
  </datafield>
  <datafield tag="215" ind1=" " ind2=" ">
    <subfield code="a">\4!, 203, \1! c.</subfield>
    <subfield code="c">ill.</subfield>
    <subfield code="d">8ʻ</subfield>
  </datafield>
  <datafield tag="300" ind1=" " ind2=" ">
    <subfield code="a">ACCORPATA alla 22476</subfield>
  </datafield>
  <datafield tag="620" ind1=" " ind2=" ">
    <subfield code="a">IT</subfield>
    <subfield code="d">Venezia</subfield>
  </datafield>
  <datafield tag="712" ind1="0" ind2="0">
    <subfield code="a">Comma, Stefano</subfield>
    <subfield code="3">IT\ICCU\CNCT\001512</subfield>
    <subfield code="4">650</subfield>
  </datafield>
  <datafield tag="791" ind1="0" ind2="0">
    <subfield code="a">Coma, Stefano</subfield>
    <subfield code="3">IT\ICCU\CNCT\002814</subfield>
    <subfield code="z">Comma, Stefano</subfield>
  </datafield>
  <datafield tag="791" ind1="0" ind2="0">
    <subfield code="a">Coma, Stephanus</subfield>
    <subfield code="3">IT\ICCU\CNCT\004649</subfield>
    <subfield code="z">Comma, Stefano</subfield>
  </datafield>
  <datafield tag="791" ind1="0" ind2="0">
    <subfield code="a">Comma, Stephanus</subfield>
    <subfield code="3">IT\ICCU\CNCT\004650</subfield>
    <subfield code="z">Comma, Stefano</subfield>
  </datafield>
  <datafield tag="801" ind1=" " ind2="3">
    <subfield code="a">IT</subfield>
    <subfield code="b">ICCU</subfield>
    <subfield code="c">20201114</subfield>
  </datafield>
</record>
</collection>
